


@String{ LNCS= "LNCS" }
@String{ ENTCS="ENTCS"}

@inproceedings{bernstein,
  author    = {Daniel J. Bernstein and
               Tanja Lange and
               Peter Schwabe},
  title     = {The Security Impact of a New Cryptographic Library},
  booktitle = {LATINCRYPT},
  year      = {2012},
  pages     = {159-176}
}

@article{BN08,
  author    = {Mihir Bellare and
               Chanathip Namprempre},
  title     = {Authenticated Encryption: Relations among Notions and Analysis of
               the Generic Composition Paradigm},
  journal   = {J. Cryptology},
  volume    = {21},
  number    = {4},
  pages     = {469--491},
  year      = {2008}
}


@inproceedings{egele13anempirical,
 author = {Egele, Manuel and Brumley, David and Fratantonio, Yanick and Kruegel, Christopher},
 title = {An Empirical Study of Cryptographic Misuse in Android Applications},
 booktitle = {Proceedings of the 2013 ACM CCS},
 year = {2013},
 isbn = {978-1-4503-2477-9},
 pages = {73--84}
} 

 @inproceedings{GIJABS12, author = {Martin Georgiev and Subodh Iyengar and Suman Jana and Rishita Anubhai and Dan Boneh and Vitaly Shmatikov}, 
title = {The most dangerous code in the world: validating {SSL} certificates in non-browser software}, 
booktitle = {ACM CCS}, year = {2012}, pages = {38-49} }
@inproceedings{xacml,
	author = {S. Godik and T. Moses},
	title  = {{OASIS} extensible access control markup language ({XACML}) version 1.1},
	howpublished = {{OASIS} standard},
        year = {2003}
   }

@inproceedings{cs,
  author    = {V{\'e}ronique Cortier and
               Bogdan Warinschi},
  title     = {A composable computational soundness notion},
  booktitle = {ACM Conference on Computer and Communications Security},
  year      = {2011},
  pages     = {63-74},
  ee        = {http://doi.acm.org/10.1145/2046707.2046717},
  bibsource = {DBLP, http://dblp.uni-trier.de}
}

@inproceedings{pcas,
  author    = {Liqun Chen and
               Ming-Feng Lee and
               Bogdan Warinschi},
  title     = {Security of the Enhanced {TCG} Privacy-CA Solution},
  booktitle = {TGC},
  year      = {2011},
  pages     = {121-141},
  ee        = {http://dx.doi.org/10.1007/978-3-642-30065-3_8},
  bibsource = {DBLP, http://dblp.uni-trier.de}
}


@inproceedings{ke,
  author    = {Christina Brzuska and
               Marc Fischlin and
               Bogdan Warinschi and
               Stephen C. Williams},
  title     = {Composability of {B}ellare-{R}ogaway key exchange protocols},
  booktitle = {CCS},
  year      = {2011},
  pages     = {51-62},
  ee        = {http://doi.acm.org/10.1145/2046707.2046716},
  bibsource = {DBLP, http://dblp.uni-trier.de}
}

@inproceedings{puzzles,
  author    = {Liqun Chen and
               Paul Morrissey and
               Nigel P. Smart and
               Bogdan Warinschi},
  title     = {Security Notions and Generic Constructions for Client Puzzles},
  booktitle = {ASIACRYPT},
  year      = {2009},
  pages     = {505-523},
  ee        = {http://dx.doi.org/10.1007/978-3-642-10366-7_30},
  bibsource = {DBLP, http://dblp.uni-trier.de}
}

@article{proxies,
  author    = {Alexandra Boldyreva and
               Adriana Palacio and
               Bogdan Warinschi},
  title     = {Secure Proxy Signature Schemes for Delegation of Signing
               Rights},
  journal   = {J. Cryptology},
  volume    = {25},
  number    = {1},
  year      = {2012},
  pages     = {57-115},
  ee        = {http://dx.doi.org/10.1007/s00145-010-9082-x},
  bibsource = {DBLP, http://dblp.uni-trier.de}
}


@article{tls,
  author    = {Paul Morrissey and
               Nigel P. Smart and
               Bogdan Warinschi},
  title     = {The {TLS} Handshake Protocol: A Modular Analysis},
  journal   = {J. Cryptology},
  volume    = {23},
  number    = {2},
  year      = {2010},
  pages     = {187-223},
  ee        = {http://dx.doi.org/10.1007/s00145-009-9052-3},
  bibsource = {DBLP, http://dblp.uni-trier.de}
}

@inproceedings{helios,
  author    = {David Bernhard and
               V{\'e}ronique Cortier and
               Olivier Pereira and
               Ben Smyth and
               Bogdan Warinschi},
  title     = {Adapting {H}elios for Provable Ballot Privacy},
  booktitle = {ESORICS},
  year      = {2011},
  pages     = {335-354},
  ee        = {http://dx.doi.org/10.1007/978-3-642-23822-2_19},
  bibsource = {DBLP, http://dblp.uni-trier.de}
}


@InProceedings{BackesPfitzmannWaidner-CCS03,
  author =	 "Michael Backes and Birgit Pfitzmann and Michael
                  Waidner",
  title =	 "A composable cryptographic library with nested
                  operations",
  booktitle =	 "CCS'03)",
  year =	 2003
}





@InProceedings{roscoe,
  author = 	 {A.W.Roscoe},
  title = 	 {{CSP} and Determism in Security MOdelling},
  booktitle = {Proc. IEEE Symposium on Security and Privacy},
  pages = 	 {114-127},
  year = 	 {1995},
  }

@inproceedings{jurjens,
  author    = {Jan J{\"u}rjens},
  title     = {Secrecy-Preserving Refinement},
  booktitle = {FME},
  year      = {2001},
  pages     = {135-152},
  ee        = {http://link.springer.de/link/service/series/0558/bibs/2021/20210135.htm},
  crossref  = {DBLP:conf/fm/2001},
  bibsource = {DBLP, http://dblp.uni-trier.de}
}

@proceedings{DBLP:conf/fm/2001,
  title     = {FME 2001: Formal Methods for Increasing Software Productivity,
               International Symposium of Formal Methods Europe, Berlin,
               Germany, March 12-16, 2001, Proceedings},
  booktitle = {FME},
  publisher = {Springer},
  series    = {LNCS},
  volume    = {2021},
  year      = {2001},
  isbn      = {3-540-41791-5},
  bibsource = {DBLP, http://dblp.uni-trier.de}
}



@Book{jones,
  author =	 {C.B.Jones},
  title = 	 {Systematic Software Development using VDM},
  publisher = 	 {Prentice Hall},
  year = 	 1990,
}

@Book{boiten,
  author =	 {J.Derrick and E.Boiten},
  title = 	 {Refinement in Z and Object-Z},
  publisher = 	 {Spinger-Verlag},
  year = 	 2001
}

@Book{bbook,
  author =	 {J.R.Abrial},
  title = 	 {The B-Book: Assigning Programs to Meanings},
  publisher = 	 {Cambridge University Press},
  year = 	 1996
}

@Article{hoare1,
  author = 	 {C.A.R. Hoare},
  title = 	 {Proofs of Correctness of Data Representations},
  journal = 	 {Acta Informatica},
  year = 	 1972,
  volume =	 1,
  pages =	 {271--281}
}

@inproceedings{Santen1,
  author    = {Thomas Santen},
  title     = {A Formal Framework for Confidentiality-Preserving Refinement},
  booktitle = {ESORICS},
  year      = {2006},
  pages     = {225-242},
  ee        = {http://dx.doi.org/10.1007/11863908_15},
  crossref  = {DBLP:conf/esorics/2006},
  bibsource = {DBLP, http://dblp.uni-trier.de}
}

@proceedings{DBLP:conf/esorics/2006,
  title     = {Computer Security - ESORICS 2006, 11th European Symposium
               on Research in Computer Security, Hamburg, Germany, September
               18-20, 2006, Proceedings},
  booktitle = {ESORICS},
  publisher = {Springer},
  series    = {LNCS},
  volume    = {4189},
  year      = {2006},
  isbn      = {3-540-44601-X},
  bibsource = {DBLP, http://dblp.uni-trier.de}
}


@book{CCS,
 author = {R. Milner},
 title = {A  Calculus of Communicating Systems},
 year = {1982},
 isbn = {0387102353},
 publisher = {Springer-Verlag New York, Inc.},
 address = {Secaucus, NJ, USA},
 }


@article{CSP,
  author    = {Stephen D. Brookes and
               C. A. R. Hoare and
               A. W. Roscoe},
  title     = {A Theory of Communicating Sequential Processes},
  journal   = {J. ACM},
  volume    = {31},
  number    = {3},
  year      = {1984},
  pages     = {560-599},
  ee        = {db/journals/jacm/BrookesHR84.html, http://doi.acm.org/10.1145/828.833},
  bibsource = {DBLP, http://dblp.uni-trier.de}
}



@BOOK{book,
  AUTHOR =       {Peter Ryan and Steve Schneider and Michael Goldsmith and Gavin Lowe and Bill Roscoe},
  TITLE =        {Modelling and Analysis of Security Protocols},
  PUBLISHER =    {Addison Wesley},
  YEAR =         {2000},
  isbn =         {0201674718},
}

@article{burrows90logic,
	address = {New York, NY, USA},
	author = {Burrows, Michael   and Abadi, Martin   and Needham, Roger  },
	citeulike-article-id = {541627},
	journal = {ACM Transactions on Computer Systems},
	keywords = {bibtex-import},
	number = {1},
	pages = {18--36},
	posted-at = {2006-03-09 04:35:38},
	priority = {2},
	publisher = {ACM Press},
	title = {A logic of authentication},
	volume = {8},
	year = {1990}
}

@Misc{set,
  author =	 {Mastercard \& {VISA}},
  title =	 {SET Secure Electronic Transactions Specification: Formal Protocol Definition},
  howpublished = {Available electronically at {\tt http://www.setco.org/set\_pecifications.html}},
  year =	 1997
}

@article{certified,
  author    = {Mart\'{\i}n Abadi and
               Bruno Blanchet},
  title     = {Computer-assisted verification of a protocol for certified
               email},
  journal   = {Sci. Comput. Program.},
  volume    = {58},
  number    = {1-2},
  year      = {2005},
  pages     = {3-27},
  ee        = {http://dx.doi.org/10.1016/j.scico.2005.02.002},
  bibsource = {DBLP, http://dblp.uni-trier.de}
}



@inproceedings{alur,
  author    = {Rajeev Alur and
               Pavol Cern{\'y} and
               Steve Zdancewic},
  title     = {Preserving Secrecy Under Refinement},
  booktitle = {ICALP (2)},
  year      = {2006},
  pages     = {107-118},
  ee        = {http://dx.doi.org/10.1007/11787006_10},
  crossref  = {DBLP:conf/icalp/2006-2},
  bibsource = {DBLP, http://dblp.uni-trier.de}
}

@proceedings{DBLP:conf/icalp/2006-2,
  title     = {Automata, Languages and Programming, 33rd International
               Colloquium, ICALP 2006, Venice, Italy, July 10-14, 2006,
               Proceedings, Part II},
  booktitle = {ICALP (2)},
  publisher = {Springer},
  series    = {LNCS},
  volume    = {4052},
  year      = {2006},
  isbn      = {3-540-35907-9},
  bibsource = {DBLP, http://dblp.uni-trier.de}
}


@article{abadi91existence,
    author = "Mart{\'\i}n Abadi and Leslie Lamport",
    title = "The Existence of Refinement Mappings",
    journal = "Theoretical Computer Science",
    volume = "82",
    number = "2",
    pages = "253--284",
    year = "1991",
    url = "citeseer.ist.psu.edu/article/abadi88existence.html" }



@inproceedings{appliedpi,
  author = "C. Fournet and M. Abadi",
  title = "Mobile Values, New Names, and Secure Communication",
  booktitle = "Proceedings of the 28th ACM Symposium on Principles of Programming
    Languages (POPL'01)",
    pages = "104--115",
  year = "2001",
  url = "citeseer.ist.psu.edu/fournet01mobile.html" }


@article{bidoit,
  	author =	{Bidoit, Michel and Hennicker, Rolf and Kurz, Alexander},
  	journal =	{Theoretical Computer Science},
  	month =	apr,
  	number =	{3},
  	pages =	{471-510},
  	publisher =	{Elsevier Science Publishers},
  	title =	{Observational Logic, Constructor-Based Logic, and their Duality},
  	url =	{http://www.lsv.ens-cachan.fr/Publis/PAPERS/PS/BHK-TCS-FOSSACS01.ps},
  	volume =	{298},
  	year =	{2003},
}

@InProceedings{janvierlakhnechmazare06,
  author = 	 {Romain Janvier and Yassine Lakhnech and Laurent Mazar\'{e}},
  title = 	 {Computational soundness of symbolic analysis for protocols using hash functions},
  booktitle =    {Proc. Workshop on Information and Computer Security (ICS'06)},
  year = 	 {2006},
  OPTeditor = 	 {},
  OPTvolume = 	 {},
  OPTnumber = 	 {},
  OPTseries = 	 {},
  OPTaddress = 	 {},
  OPTmonth = 	 {},
  OPTorganization = {},
  OPTpublisher = {},
  note = 	 {To appear},
  OPTannote = 	 {}
}

@inproceedings{backes,
 author = {Michael Backes and Christian Jacobi, II},
 title = {Cryptographically Sound and Machine-Assisted Verification of Security Protocols},
 booktitle = {STACS 2003},
 year = {2003},
 optisbn = {3-540-00623-0},
 pages = {675--686},
 optpublisher = {Springer-Verlag},
 optaddress = {London, UK},
 }


@inproceedings{fmse,
 author = {Prateek Gupta and Vitaly Shmatikov},
 title = {Towards computationally sound symbolic analysis of key exchange protocols},
 booktitle = {FMSE 2005},
 year = {2005},
 optisbn = {1-59593-231-3},
 pages = {23--32},
 optlocation = {Fairfax, VA, USA},
 optdoi = {http://doi.acm.org/10.1145/1103576.1103580},
 optpublisher = {ACM Press},
 optaddress = {New York, NY, USA},
 }

@InProceedings{ASW98,
  author =       "N. Asokan and Victor Shoup and Michael Waidner",
  title =        "Asynchronous Protocols for Optimistic Fair Exchange",
  booktitle =    "Proc. {IEEE} Symposium on Research in Security and
                  Privacy",
  year =         "1998",
  pages =        "86--99",
}

@InProceedings{Abadi-PET-2002,
  author = 	 {Mar\'in Abadi},
  title = 	 {Private Authentication},
  booktitle =    {PET 2002},
  year = 	 {2003},
  series = 	 LNCS,
  pages =        {27--40},
  volume =         {2482},
}

@InProceedings{AbadiCortierIcalp04,
  author = 	 {Mart{\'i}n Abadi and V{\'e}ronique Cortier},
  title = 	 {Deciding knowledge in security protocols under equational theories},
  booktitle =    {ICALP 2004},
  pages = 	 {46--58},
  year = 	 {2004},
  volume = 	 {3142},
  series = 	 {LNCS}
}


@inproceedings{ryan,
 author = {P Y A Ryan and S A Schneider},
 title = {Process Algebra and Non-interference},
 booktitle = {CSFW '99: Proceedings of the 12th IEEE workshop on Computer Security Foundations},
 year = {1999},
 isbn = {0-7695-0201-6},
 pages = {214},
 publisher = {IEEE Computer Society},
 address = {Washington, DC, USA},
 }


@inproceedings{heiko,
 author = {Heiko Mantel},
 title = {Preserving Information Flow Properties under Refinement},
 booktitle = {SP '01: Proceedings of the 2001 IEEE Symposium on Security and Privacy},
 year = {2001},
 pages = {78},
 publisher = {IEEE Computer Society},
 address = {Washington, DC, USA},
 }



@InProceedings{AbadiRogaway-IFIPTCS-2000,
  author = 	 {Abadi, M. and  Rogaway, P.},
  title = 	 {Reconciling two views of cryptography},
  booktitle = 	 {{IFIP TCS 2000}},
  pages = {3-22},
  month = {August},
  year = {2000},
  series = LNCS,
  volume = 1872,
}

@InProceedings{Abadi_Fournet_POPL01_mobil_values,
  author = 	 {Mart{\'i}n Abadi and C{\'e}dric Fournet},
  title = 	 {Mobile values, new names, and secure communications},
  booktitle =    {Proc. 28th Annual ACM Symposium on
 Principles of Programming Languages (POPL'01)},
  pages = 	 {104--115},
  year = 	 {2001}
}
@inproceedings{AdaoBanaScedrov2005,
  author = "Pedro Ad{\~a}o and Gergei Bana and Andre Scedrov",
  title = "Computational and Information-Theoretic Soundness and Completeness of Formal Encryption",
  booktitle = "Proc. 18th IEEE Computer Security Foundations Workshop (CSFW'05)",
  pages = "170--184",
  year = "2005"
}

@inproceedings{BCK-ICALP2005,
  author =	{Baudet, Mathieu and Cortier, V{\'e}ronique and Kremer,Steve},
  booktitle =	{{P}roc. of the 32nd {I}nternational {C}olloquium on {A}utomata, {L}anguages and {P}rogramming ({ICALP}'05)},
  series =      LNCS,
  title =	{Computationally Sound Implementations of Equational Theories against Passive Adversaries},
  year =	{2005},
  volume =      {3580},
}

@InProceedings{BackesPfitzmann2005,
  author = 	 {Michael Backes and Birgit Pfitzmann},
  title = 	 {Relating Cryptographic und Symbolic Key Secrecy},
  booktitle =    {Proc. 26th IEEE Symposium on Security and Privacy (SSP'05)},
  pages = 	 {171--182},
  year = 	 {2005},
}

@InProceedings{Backes_Pfitzmann_Waidner_CCS03_composable_library,
  author =	 "Michael Backes and Birgit Pfitzmann and Michael Waidner",
  title =	 "A composable cryptographic library with nested operations",
  booktitle =	 "Proc. 10th ACM Conference on Computer and Communications
                  Security (CCS'03)",
  year =	 "2003",
  pages =        "220--230",
}

@InProceedings{BellareRogaway-CRYPTO-1993,
  author =       {M.~Bellare and P.~Rogaway},
  title =        {Entity Authentication and key distribution },
  booktitle =    {Crypto'93},
  year =         1993,
  volume =       773,
  pages =        {232--249},
  series =       LNCS,
}

@inproceedings{BellareRogaway-STOC-1995,
  author    = {M.~Bellare and P.~Rogaway},
  title     = {Provably secure session key distribution: the three party case},
  booktitle = {Proc. 27th ACM Symposium on Theory
               of Computing (STOC'95)},
  year      = {1995},
  pages     = {57--66}
}

@inproceedings{ Bellare_Rogaway_CCS93_random_oracles,
  author =       "Mihir Bellare and Phillip Rogaway",
  title =        "Random Oracles are Practical: A Paradigm for Designing
                  Efficient Protocols",
  booktitle =    "Proc. 1st ACM Conference on Computer and Communications
                  Security (CCS'93)",
  pages =        "62--73",
  year =         "1993"
}

@inproceedings{ Blanchet_CSFW01_efficient_verifier,
  AUTHOR =       "Bruno Blanchet",
  TITLE =        "An efficient cryptographic protocol verifier based on
                  {P}rolog rules",
  BOOKTITLE =    "Proc. 14th IEEE Computer Security Foundations Workshop (CSFW'01)",
  PAGES =        "82--96",
  YEAR =         2001
}

@InProceedings{CanettiHerzog-TCC-2006,
  author = 	 {Ran Canetti and Jonathan Herzog},
  title = 	 {Soundness of formal encryption in the presence of active adversaries},
  booktitle =    {TCC 2006)},
  year = 	 {2006},
  series = 	 LNCS,
  note =         {To appear},
}



@Article{ Goldwasser_Micali_JCSS84_probabilistic_encryption,
  author =       "Shafi Goldwasser and Silvio Micali",
  title =        "Probabilistic encryption",
  journal =      "Journal of Computer and System Sciences",
  pages =        "270--299",
  year =         "1984",
  volume =       "28"
}

@InProceedings{ Janvier_Lakhnech_Mazare_ESOP05_completing_the_picture,
  author = 	 {Romain Janvier and Yassine Lakhnech and Laurent Mazar\'e},
  title = 	 {Completing the Picture: Soundness of Formal Encryption in the Presence of Active Adversaries},
  booktitle =    {ESOP},
  year = 	 {2005},
  volume = 	 {3444},
  series = 	 LNCS,
  pages =        {172--185},
}

@InProceedings{ Laud_SSP04_symmetric_encryption_in_automatic_analyses_against_active_adversaries,
  author =       {Peeter Laud},
  title =        {Symmetric encryption in automatic analyses for confidentiality against active
 adversaries},
  booktitle =    {Proc. 25th IEEE Symposium on Security and Privacy (SSP'04)},
  pages =        {71--85},
  year =         {2004},
}


@inproceedings{abadi97reasoning,
 author = {M. Abadi and A. Gordon},
 title = {Reasoning about Cryptographic Protocols in the Spi Calculus},
 booktitle = {CONCUR '97: Proceedings of the 8th International Conference on Concurrency Theory},
 year = {1997},
 isbn = {3-540-63141-0},
 pages = {59--73},
 publisher = {Springer-Verlag},
 address = {London, UK},
 }
@inproceedings{alur06preserving,
 author = {Rajeev Alur and Pavol {\v C}ern{\'y} and Steve Zdancewic},
 title = {Preserving Secrecy Under Refinement},
 booktitle = {ICALP '06: Proceedings (Part II) of the 33rd International Colloqu
ium on Automata, Languages and Programming},
 year = {2006},
 isbn = {},
 pages = {107--118},
 location = {Venice, Italy},
 publisher = {Springer},
 }



@inproceedings{bresson07ageneralization,
  author    = {Emmanuel Bresson and
               Yassine Lakhnech and
               Laurent Mazar{\'e} and
               Bogdan Warinschi},
  title     = {A Generalization of {DDH} with Applications to Protocol Analysis
               and Computational Soundness},
  booktitle = {CRYPTO},
  year      = {2007},
  pages     = {482-499},
  ee        = {http://dx.doi.org/10.1007/978-3-540-74143-5_27},
  crossref  = {DBLP:conf/crypto/2007},
  bibsource = {DBLP, http://dblp.uni-trier.de}
}

@proceedings{DBLP:conf/crypto/2007,
  title     = {Advances in Cryptology - CRYPTO 2007, 27th Annual International
               Cryptology Conference, Santa Barbara, CA, USA, August 19-23,
               2007, Proceedings},
  booktitle = {CRYPTO},
  publisher = {Springer},
  series    = {LNCS},
  volume    = {4622},
  year      = {2007},
  isbn      = {978-3-540-74142-8},
  bibsource = {DBLP, http://dblp.uni-trier.de}
}



@inproceedings{boldyreva07acloser,
author={Alexandra Boldyreva and  Marc Fischlin and  Adriana Palacio and Bogdan Warinschi},
title={A Closer Look at {PKI}: Security and Efficiency},
booktitle={Public Key Cryptography – PKC 2007},
ISBN={978-3-540-71676-1},
pages={458--475},
month={June},
year={2007}
}


@inproceedings{camenisch04efficient,
  author    = {Jan Camenisch and
               Maciej Koprowski and
               Bogdan Warinschi},
  title     = {Efficient Blind Signatures Without Random Oracles.},
  booktitle = {SCN},
  year      = {2004},
  pages     = {134-148},
  ee        = {http://springerlink.metapress.com/openurl.asp?genre=article{\&}issn=0302-9743{\&}volume=3352{\&}spage=134},
  crossref  = {DBLP:conf/scn/2004},
  bibsource = {DBLP, http://dblp.uni-trier.de}
}

@proceedings{DBLP:conf/scn/2004,
  title     = {Security in Communication Networks, 4th International Conference,
               SCN 2004, Amalfi, Italy, September 8-10, 2004, Revised Selected
               Papers},
  booktitle = {SCN},
  publisher = {Springer},
  series    = {LNCS},
  volume    = {3352},
  year      = {2005},
  isbn      = {3-540-24301-1},
  bibsource = {DBLP, http://dblp.uni-trier.de}
}



@InProceedings{abdalla04ontheminimal,
  author = 	 {M. Abdalla and B. Warinschi},
  title = 	 {On the Minimal Assumptions of Group Signature Schemes},
  booktitle =	 {Proceedings of 6th International Conference on Information and Communication Security},
  pages =	 {1--13},
  year =	 2004,
}

@InProceedings{BMW03,
  Author         = {Bellare, Mihir and Micciancio, Daniele and
                    Warinschi, Bogdan},
  Title          = {Foundations of group signatures: formal definition,
                   simplified requirements and a construction based on
                   trapdoor permutations},
  Pages          = {614-629},
  Volume         = {2656},
  Series         = {LNCS},
  Address        = {Warsaw, Poland},
  Publisher      = {Springer-Verlag},
  month          = may,
  booktitle      = {{EUROCRYPT}},
  year = 2003,
}


 @inproceedings{cortier06computationally,
  	author =	{Cortier, V{\'e}ronique and Kremer, Steve and K{\"u}sters, Ralf and Warinschi, Bogdan},
  	booktitle =	{{FSTTCS}},
  	DOI =	{10.1007/11944836_18},
  	month =	dec,
  	pages =	{176-187},
  	publisher =	{Springer},
  	series =	{LNCS},
  	title =	{Computationally Sound Symbolic Secrecy in the Presence of Hash Functions},
  	url =	{http://www.lsv.ens-cachan.fr/Publis/PAPERS/PDF/CKKW-fsttcs06.pdf},
  	volume =	{4337},
  	year =	{2006},
}


@InProceedings{datta06computationally,
      author =   {A. Datta and A. Derek and J.C.Mitchell and B.Warinschi},
      title =      {Computationally Sound Compositional Logic for
            Key Exchange Protocols},
     booktitle = {CSFW},
     pages =   {321-334},
     year =      2006}

@inproceedings{abadi06guessing,
  author    = {Mart\'{\i}n Abadi and
               Mathieu Baudet and
               Bogdan Warinschi},
  title     = {Guessing Attacks and the Computational Soundness of Static
               Equivalence.},
  booktitle = {FoSSaCS},
  year      = {2006},
  pages     = {398-412},
  ee        = {http://dx.doi.org/10.1007/11690634_27},
  crossref  = {DBLP:conf/fossacs/2006},
  bibsource = {DBLP, http://dblp.uni-trier.de}
}

@proceedings{DBLP:conf/fossacs/2006,
  title     = {Foundations of Software Science and Computation Structures,
               9th International Conference, FOSSACS 2006, Held as Part
               of the Joint European Conferences on Theory and Practice
               of Software, ETAPS 2006, Vienna, Austria, March 25-31, 2006,
               Proceedings},
  booktitle = {FoSSaCS},
  publisher = {Springer},
  series    = {LNCS},
  volume    = {3921},
  year      = {2006},
  isbn      = {3-540-33045-3},
  bibsource = {DBLP, http://dblp.uni-trier.de}
}


@Article{micciancio04completeness,
  author = 	 {D. Micciancio and B. Warinschi},
  title = 	 {Completeness Theorems for the {A}badi-{R}ogaway Logic of Encrypted Expressions},
  journal = 	 {Journal of Computer Security},
  year = 	 2004,
  volume =	 12,
  number =	 1,
  pages =	 {99-129}
}

@inproceedings{abadi05passwordbased,
  author    = {M. Abadi and B. Warinschi},
  title     = {Password-Based Encryption Analyzed.},
  booktitle = {ICALP},
  year      = {2005},
  pages     = {664-676},
  ee        = {http://dx.doi.org/10.1007/11523468_54},
  crossref  = {DBLP:conf/icalp/2005},
  bibsource = {DBLP, http://dblp.uni-trier.de}
}

@proceedings{DBLP:conf/icalp/2005,
  title     = {Automata, Languages and Programming, 32nd International
               Colloquium, ICALP 2005, Lisbon, Portugal, July 11-15, 2005,
               Proceedings},
  booktitle = {ICALP},
  publisher = {Springer},
  series    = {LNCS},
  volume    = {3580},
  year      = {2005},
  isbn      = {3-540-27580-0},
  bibsource = {DBLP, http://dblp.uni-trier.de}
}




@inproceedings{abadi05security,
  author    = {M. Abadi and B. Warinschi},
  title     = {Security analysis of cryptographically controlled access
               to {XML} documents.},
  booktitle = {PODS},
  year      = {2005},
  pages     = {108-117},
  ee        = {http://doi.acm.org/10.1145/1065167.1065182},
  bibsource = {DBLP, http://dblp.uni-trier.de}
}

@proceedings{DBLP:conf/pods/2005,
  title     = {Proceedings of the Twenty-fourth ACM SIGACT-SIGMOD-SIGART
               Symposium on Principles of Database Systems, June 13-15,
               2005, Baltimore, Maryland, USA},
  booktitle = {PODS},
  publisher = {ACM},
  year      = {2005},
  isbn      = {1-59593-062-0},
  bibsource = {DBLP, http://dblp.uni-trier.de}
}



@inproceedings{MillenShmatikov-CCS-2001,
    author = "J.~K.~Millen and V.~Shmatikov",
    title = "Constraint solving for bounded-process cryptographic protocol analysis",
    booktitle = "CCS 2001",
    pages = "166-175",
    year = "2001",
}


@INPROCEEDINGS{avispa2005,
  AUTHOR = {A. Armando and D. Basin and Y. Boichut and Y. Chevalier and L. Compagna and J. Cuellar and P. Hankes Drielsma and P.C. He\'am and O. Kouchnarenko and J. Mantovani and S. M\"odersheim and D. von Oheimb and M. Rusinowitch and J. Santiago and M. Turuani and L. Vigan\`o and L. Vigneron},
  TITLE = {The {A}vispa Tool for the automated validation of internet security protocols and applications},
  BOOKTITLE = {CAV 2005},
  SERIES = LNCS,
  VOLUME = {3576},
  YEAR = {2005},
}

@misc{cryptoeprint:2005:020,
    author = {R. Janvier and Y. Lakhnech and L. Mazare},
    title = {(De)Compositions of Cryptographic Schemes and their Applications to Protocols},
    howpublished = {Cryptology ePrint Archive, Report 2005/020},
    year = {2005},
    note = {\url{http://eprint.iacr.org/}},
}
@ARTICLE{RusinowitchT-TCS03,
  AUTHOR = {Rusinowitch, M. and Turuani, M.},
  TITLE = {{Protocol Insecurity with Finite Number of Sessions and Composed Keys
  is NP-complete}},
  JOURNAL = {Theoretical Computer Science},
  MONTH = {April},
  PAGES = {451-475},
  VOLUME = {299},
  YEAR = {2003},
  URL = {http://www.loria.fr/~rusi/pub/tcsprotocol.ps.gz}
}
@InProceedings{CS03,
  author = 	 {H. Comon-Lundh and V. Shmatikov},
  title = 	 {Intruder Deductions, Constraint Solving and Insecurity Decision in Presence of Exclusive or},
  booktitle = {LICS 2003},
  pages = 	 {271-280},
  year = 	 {2003},
  OPTeditor = 	 {},
  OPTvolume = 	 {},
  OPTnumber = 	 {},
  OPTseries = 	 {},
  OPTaddress = 	 {},
  OPTmonth = 	 {},
  OPTorganization = {},
  OPTpublisher = {},
  OPTnote = 	 {},
  OPTannote = 	 {}
}



@inproceedings{cortier05computationally,
  author    = {V{\'e}ronique Cortier and
               Bogdan Warinschi},
  title     = {Computationally Sound, Automated Proofs for Security Protocols},
  booktitle = {ESOP},
  year      = {2005},
  pages     = {157-171},
  ee        = {http://dx.doi.org/10.1007/978-3-540-31987-0_12},
  bibsource = {DBLP, http://dblp.uni-trier.de}
}


@inproceedings{micciancio04soundness,
  author    = {Daniele Micciancio and
               Bogdan Warinschi},
  title     = {Soundness of Formal Encryption in the Presence of Active
               Adversaries},
  booktitle = {TCC},
  year      = {2004},
  pages     = {133-151},
  ee        = {http://dx.doi.org/10.1007/978-3-540-24638-1_8},
  bibsource = {DBLP, http://dblp.uni-trier.de}
}


@inproceedings{KSW11,
  author    = {Steve Kremer and
               Graham Steel and
               Bogdan Warinschi},
  title     = {Security for Key Management Interfaces},
  booktitle = {CSF},
  year      = {2011},
  pages     = {266-280},
  ee        = {http://doi.ieeecomputersociety.org/10.1109/CSF.2011.25},
  bibsource = {DBLP, http://dblp.uni-trier.de}
}

@inproceedings{cortier07aformal,
  author    = {V{\'e}ronique Cortier and
               St{\'e}phanie Delaune and
               Graham Steel},
  title     = {A Formal Theory of Key Conjuring},
  booktitle = {CSF},
  year      = {2007},
  pages     = {79-96},
  ee        = {http://dx.doi.org/10.1109/CSF.2007.5},
  bibsource = {DBLP, http://dblp.uni-trier.de}
}





@article{abadi,
  author    = {Mart\'{\i}n Abadi and
               Phillip Rogaway},
  title     = {Reconciling Two Views of Cryptography (The Computational
               Soundness of Formal Encryption)},
  journal   = {J. Cryptology},
  volume    = {20},
  number    = {3},
  year      = {2007},
  pages     = {395},
  ee        = {http://dx.doi.org/10.1007/s00145-007-0203-0},
  bibsource = {DBLP, http://dblp.uni-trier.de}
}

@inproceedings{vaudenay,
  author    = {Serge Vaudenay},
  title     = {Security Flaws Induced by {CBC} Padding - Applications to
               {SSL, IPSEC, WTLS} ...},
  booktitle = {EUROCRYPT},
  year      = {2002},
  pages     = {534-546},
  ee        = {http://dx.doi.org/10.1007/3-540-46035-7_35},
  bibsource = {DBLP, http://dblp.uni-trier.de}
}

@inproceedings{bleichenbacher,
  author    = {Daniel Bleichenbacher},
  title     = {Chosen Ciphertext Attacks Against Protocols Based on the
               {RSA} Encryption Standard {PKCS} \#1},
  booktitle = {CRYPTO},
  year      = {1998},
  pages     = {1-12},
  ee        = {http://dx.doi.org/10.1007/BFb0055716},
  bibsource = {DBLP, http://dblp.uni-trier.de}
}

@inproceedings{uc,
  author    = {Ran Canetti},
  title     = {Universally Composable Security: A New Paradigm for Cryptographic
               Protocols},
  booktitle = {FOCS},
  pages     = {136-145},
  ee        = {http://doi.ieeecomputersociety.org/10.1109/SFCS.2001.959888},
  bibsource = {DBLP, http://dblp.uni-trier.de}
}

@inproceedings{BCFS10,
  author    = {Matteo Bortolozzo and
               Matteo Centenaro and
               Riccardo Focardi and
               Graham Steel},
  title     = {Attacking and fixing {PKCS}\#11 security tokens},
  booktitle = {ACM Conference on Computer and Communications Security},
  year      = {2010},
  pages     = {260-269},
  ee        = {http://doi.acm.org/10.1145/1866307.1866337},
  bibsource = {DBLP, http://dblp.uni-trier.de}
}

@inproceedings{crypto12,
  author    = {Romain Bardou and
               Riccardo Focardi and
               Yusuke Kawamoto and
               Lorenzo Simionato and
               Graham Steel and
               Joe-Kai Tsay},
  title     = {Efficient Padding Oracle Attacks on Cryptographic Hardware},
  booktitle = {CRYPTO},
  year      = {2012},
  pages     = {608-625},
  ee        = {http://dx.doi.org/10.1007/978-3-642-32009-5_36},
  bibsource = {DBLP, http://dblp.uni-trier.de}
}




@inproceedings{cortiersteel1,
  author    = {V{\'e}ronique Cortier and
               Graham Steel},
  title     = {A Generic Security {API} for Symmetric Key Management on Cryptographic
               Devices},
  booktitle = {ESORICS},
  year      = {2009},
  pages     = {605-620},
  ee        = {http://dx.doi.org/10.1007/978-3-642-04444-1_37},
  bibsource = {DBLP, http://dblp.uni-trier.de}
}
@proceedings{DBLP:conf/esorics/2009,
  editor    = {Michael Backes and
               Peng Ning},
  title     = {ESORICS},
  booktitle = {ESORICS},
  publisher = {Springer},
  series    = {LNCS},
  volume    = {5789},
  year      = {2009},
  isbn      = {978-3-642-04443-4},
  ee        = {http://dx.doi.org/10.1007/978-3-642-04444-1},
  bibsource = {DBLP, http://dblp.uni-trier.de}
}

@inproceedings{certicrypt,
  author    = {Gilles Barthe and
               Benjamin Gr{\'e}goire and
               Santiago Zanella B{\'e}guelin},
  title     = {Formal certification of code-based cryptographic proofs},
  booktitle = {POPL},
  year      = {2009},
  pages     = {90-101},
  ee        = {http://doi.acm.org/10.1145/1480881.1480894},
  bibsource = {DBLP, http://dblp.uni-trier.de}
}
@proceedings{DBLP:conf/popl/2009,
  editor    = {Zhong Shao and
               Benjamin C. Pierce},
  title     = {Proceedings of the 36th ACM SIGPLAN-SIGACT Symposium on
               Principles of Programming Languages, POPL 2009, Savannah,
               GA, USA, January 21-23, 2009},
  booktitle = {POPL},
  publisher = {ACM},
  year      = {2009},
  isbn      = {978-1-60558-379-2},
  ee        = {http://dl.acm.org/citation.cfm?id=1480881},
  bibsource = {DBLP, http://dblp.uni-trier.de}
}

@inproceedings{easycrypt,
  author    = {Gilles Barthe and
               Benjamin Gr{\'e}goire and
               Sylvain Heraud and
               Santiago Zanella B{\'e}guelin},
  title     = {Computer-Aided Security Proofs for the Working Cryptographer},
  booktitle = {CRYPTO},
  year      = {2011},
  pages     = {71-90},
  ee        = {http://dx.doi.org/10.1007/978-3-642-22792-9_5},
  bibsource = {DBLP, http://dblp.uni-trier.de}
}
@proceedings{DBLP:conf/crypto/2011,
  editor    = {Phillip Rogaway},
  title     = {Advances in Cryptology - CRYPTO 2011 - 31st Annual Cryptology
               Conference, Santa Barbara, CA, USA, August 14-18, 2011.
               Proceedings},
  booktitle = {CRYPTO},
  publisher = {Springer},
  series    = {LNCS},
  volume    = {6841},
  year      = {2011},
  isbn      = {978-3-642-22791-2},
  ee        = {http://dx.doi.org/10.1007/978-3-642-22792-9},
  bibsource = {DBLP, http://dblp.uni-trier.de}
}

@inproceedings{proverif,
  author    = {Bruno Blanchet},
  title     = {An Efficient Cryptographic Protocol Verifier Based on Prolog
               Rules},
  booktitle = {CSFW},
  year      = {2001},
  pages     = {82-96},
  ee        = {http://doi.ieeecomputersociety.org/10.1109/CSFW.2001.930138},
  bibsource = {DBLP, http://dblp.uni-trier.de}
}
@proceedings{DBLP:conf/csfw/2001,
  title     = {14th IEEE Computer Security Foundations Workshop (CSFW-14
               2001), 11-13 June 2001, Cape Breton, Nova Scotia, Canada},
  booktitle = {CSFW},
  publisher = {IEEE Computer Society},
  year      = {2001},
  isbn      = {0-7695-1146-5},
  bibsource = {DBLP, http://dblp.uni-trier.de}
}

@inproceedings{cryptoverif,
  author    = {Bruno Blanchet},
  title     = {A Computationally Sound Mechanized Prover for Security Protocols},
  booktitle = {IEEE Symposium on Security and Privacy},
  year      = {2006},
  pages     = {140-154},
  ee        = {http://doi.ieeecomputersociety.org/10.1109/SP.2006.1},
  bibsource = {DBLP, http://dblp.uni-trier.de}
}
@proceedings{DBLP:conf/sp/2006,
  title     = {2006 IEEE Symposium on Security and Privacy (S{\&}P 2006),
               21-24 May 2006, Berkeley, California, USA},
  booktitle = {IEEE Symposium on Security and Privacy},
  publisher = {IEEE Computer Society},
  year      = {2006},
  isbn      = {0-7695-2574-1},
  bibsource = {DBLP, http://dblp.uni-trier.de}
}

@inproceedings{ryan2,
  author    = {St{\'e}phanie Delaune and
               Steve Kremer and
               Mark Dermot Ryan and
               Graham Steel},
  title     = {Formal Analysis of Protocols Based on {TPM} State Registers},
  booktitle = {CSF},
  year      = {2011},
  pages     = {66-80},
  ee        = {http://doi.ieeecomputersociety.org/10.1109/CSF.2011.12},
  bibsource = {DBLP, http://dblp.uni-trier.de}
}

@inproceedings{ryan1,
  author    = {Myrto Arapinis and
               Eike Ritter and
               Mark Dermot Ryan},
  title     = {StatVerif: Verification of Stateful Processes},
  booktitle = {CSF},
  year      = {2011},
  pages     = {33-47},
  ee        = {http://doi.ieeecomputersociety.org/10.1109/CSF.2011.10},
  bibsource = {DBLP, http://dblp.uni-trier.de}
}


@Misc{ISO,
  key =          {ISO9564},
  author =       {{I}nternational {O}rganization for {S}tandardization},
  title =        {{ISO} 9564-1: Banking ~ Personal Identification Number
({PIN}) management and security},
  note =         {30 pages}
}

@Misc{pkcs11,
  author =       {{RSA Security Inc.}},
  title =        {v2.20 {PKCS}\#11: Cryptographic Token Interface Standard},
  year =         {2004}
}

@Misc{marketresearch,
    author =       {MarketResearch.com},
  title =        {Global {S}ecure {USB} Token Market 2010},
  year =         {2010},
  howpublished = {{\tt http://www.marketresearch.com}}
}

@Inproceedings{RogS,
  author =       {P. Rogaway and T. Shrimpton},
  title =        {Deterministic Authenticated Encryption: A
                  Provable-Security Treatment of the Keywrap Problem},
  booktitle =    {Advances in Cryptology --- EUROCRYPT'06},
  year =         2006,
  pages =        {373--390},
  volume =       4004,
  series =       {LNCS},
  publisher =    {Springer}
}

@InProceedings{clulow03pkcs11,
  author =       {J. Clulow},
  title =        {On The Security of {PKCS}\#11},
  booktitle =    {Proc.\ 5th International Workshop on Cryptographic
                  Hardware and Embedded Systems ({CHES}'03)},
  pages =        {411--425},
  publisher =    {Springer},
  series =       {LNCS},
  volume =       2779,
  year =         2003,
}

@InProceedings{cachin09secure,
  author =       {Cachin, C. and Chandran, N.},
  title =        {A Secure Cryptographic Token Interface},
  booktitle =    {Proc.\ 22th IEEE Computer Security Foundation
                  Symposium (CSF'09)},
  year =         2009,
  pages =        {141--153},
  publisher =    {IEEE Computer Society Press}
}


@inproceedings{CS-esorics09,
  author =       {Cortier, V{\'e}ronique and Steel, Graham},
  booktitle =    {{P}roc.\ 14th {E}uropean {S}ymposium on {R}esearch
                  in {C}omputer {S}ecurity ({ESORICS}'09)},
  pages =        {605--620},
  publisher =    {Springer},
  series =       {LNCS},
  title =        {A~generic security {API} for symmetric key
                  management on cryptographic devices},
  volume =       5789,
  year =         2009,
}




@inproceedings{bond01attacks,
  author =       {M. Bond},
  title =        {Attacks on Cryptoprocessor Transaction Sets},
  booktitle =    {Proc.\ 3rd International Workshop on Cryptographic
                  Hardware and Embedded Systems ({CHES}'01)},
  year =         2001,
  pages =        {220--234},
  publisher =    {Springer},
  series =       {LNCS},
  volume =       2162
}

@article{cachin10encrypting,
  title =        {Encrypting Keys Securely},
  author =       {Cachin, C. and Camenisch, J.},
  journal =      {IEEE Security \& Privacy},
  volume =       8,
  number =       4,
  pages =        {66--69},
  year =         2010
}


@Misc{IEEE1619,
  author =       {{{IEEE} 1619.3 Technical Committee}},
  title =        {{IEEE} Storage Standard 1619.3 (Key Management)
                  (Draft)},
  howpublished = {available from \url{https://siswg.net/}}
}

@Misc{OASIS-KMIP,
  title =        {{KMIP} -- Key management Interoperability Protocol},
  author =       {{{OASIS} Key Management Interoperability Protocol
                  (KMIP) Technical Committee}},
  howpublished = {available from {\tt http://xml.coverpages.org/KMIP/}},
  month =        {february},
  year =         2009
}



@article{DKS-jcs09,
  author =       {Delaune, St{\'e}phanie and Kremer, Steve and Steel,
                  Graham},
  journal =      {Journal of Computer Security},
  month =        nov,
  number =       6,
  pages =        {1211--1245},
  publisher =    {{IOS} Press},
  title =        {Formal Analysis of {PKCS\#11} and Proprietary
                  Extensions},
  volume =       18,
  year =         2010,
}




@Article{dolev83security,
  author =       {D. Dolev and A. Yao},
  title =        {On the security of public key protocols},
  journal =      {IEEE Transactions in Information Theory},
  year =         1983,
  volume =       2,
  number =       29,
  month =        {March},
  pages =        {198-208}
}












